@www-misc(yandex,
  BIBITEMLABEL = "YANDEX",
  TITLE  = "{Yandex - Translator API}",
  URL    = "https://tech.yandex.com/translate/",
  VALID        =  "07.11.2015"
)

@www-misc(ror,
  BIBITEMLABEL = "ROR",
  TITLE  = "{RoR - Ruby on Rails}",
  URL    = "http://rubyonrails.org/",
  VALID        =  "28.12.2015"
)

@www-misc(ar,
  BIBITEMLABEL = "AR",
  TITLE  = "{Active Record -pattern}",
  URL    = "https://en.wikipedia.org/wiki/Active_record_pattern",
  VALID        =  "28.12.2015"
)

@www-misc(rorad,
  BIBITEMLABEL = "RORAD",
  TITLE  = "{Ruby on Rails Architectural Design}",
  URL    = "http://adrianmejia.com/blog/2011/08/11/ruby-on-rails-architectural-design/",
  VALID        =  "30.12.2015"
)


@www-misc(webrick,
  BIBITEMLABEL = "WEBRICK",
  TITLE  = "{WEBrick}",
  URL    = "https://en.wikipedia.org/wiki/WEBrick",
  VALID        =  "04.1.2016"
)


@www-misc(rhtml,
  BIBITEMLABEL = "RHTML",
  TITLE  = "{Rails and HTML - RHTML}",
  URL    = "http://www.tutorialspoint.com/ruby-on-rails/rails-and-rhtml.htm",
  VALID        =  "04.1.2016"
)

@www-misc(rubyserver,
  BIBITEMLABEL = "RUBYSERVER",
  TITLE  = "{Ruby Default Web Server}",
  URL    = "https://devcenter.heroku.com/articles/ruby-default-web-server",
  VALID        =  "04.1.2016"
)


@www-misc(rorlegacy,
  BIBITEMLABEL = "RORLEGACY",
  TITLE  = "{Using Rails with a legacy database schema}",
  URL    = "https://schneide.wordpress.com/2014/03/10/using-rails-with-a-legacy-database-schema/",
  VALID        =  "07.1.2016"
)

@www-misc(rorsca,
  BIBITEMLABEL = "RORSCA",
  TITLE  = "{Why Do They Say Rails Doesn't Scale?}",
  URL    = "http://codefol.io/posts/why-do-they-say-rails-doesnt-scale",
  VALID        =  "07.1.2016"
)



@www-misc(bitzesty,
  BIBITEMLABEL = "BITZESTY",
  TITLE  = "{Ruby on Rails: What It Is and Why We Use It For Web Applications}",
  URL    = "http://bitzesty.com/2014/01/10/ruby-on-rails-what-it-is-and-why-we-use-it-for-web-applications/",
  VALID        =  "08.1.2016"
)



@www-misc(rorspi,
  BIBITEMLABEL = "RORSPI",
  TITLE  = "{Is Ruby on Rails useful for a single page application?}",
  URL    = "https://www.quora.com/Is-Ruby-on-Rails-useful-for-a-single-page-application",
  VALID        =  "11.1.2016"
)



@www-misc(soror,
  BIBITEMLABEL = "SOROR",
  TITLE  = "{Convert a Ruby on Rails app from sqlite to MySQL?}",
  URL    = "http://stackoverflow.com/questions/1670154/convert-a-ruby-on-rails-app-from-sqlite-to-mysql",
  VALID        =  "10.1.2016"
)



@www-misc(rorper,
  BIBITEMLABEL = "RORPER",
  TITLE  = "{Ruby on Rails Performance Tuning}",
  URL    = "https://hackhands.com/ruby-rails-performance-tuning/",
  VALID        =  "11.1.2016"
)

@www-misc(rorapi,
  BIBITEMLABEL = "RORAPI",
  TITLE  = "{Rails for API only applications}",
  URL    = "https://github.com/rails-api/rails-api",
  VALID        =  "11.1.2016"
)

@www-misc(wsuror,
  BIBITEMLABEL = "WSUROR",
  TITLE  = "{Why Startups Use Ruby on Rails?}",
  URL    = "http://www.nascenia.com/why-startups-use-ruby-on-rails/",
  VALID        =  "08.1.2016"
)

@www-misc(rorar,
  BIBITEMLABEL = "RORAR",
  TITLE  = "{Active Record}",
  URL    = "http://api.rubyonrails.org/classes/ActiveRecord/Base.html",
  VALID        =  "02.1.2016"
)